PAPERS ##############################################################################################################

@Article{dix,
  author={C[] H[] Dix},
  title={Seismic velocities from surface measurements},
  journal={Geophysics},
  year=1955,
  Volume=20,
  pages={68-86}
}

@Article{bolshix,
  author={C[] F[] Bolshykh},
  title={Approximate model for the reflected wave traveltime curve in multilayered media},
  journal={Applied Geophysics},
  year=1956,
  Volume=15,
  pages={3-15},
  note={in Russian}
}

@Article{backus,
  author={G[] E[] Backus},
  title={Long-wave elastic anisotropy produced by horizontal layering},
  journal={Journal of {G}eophysical {R}esearch},
  year=1962,
  Volume=67,
  pages={4427-4440}
}

@Article{gass,
  author={Fritz Gassmann},
  title={Introduction to seismic travel time methods in anisotropic media},
  journal={Pure and Applied Geophysics},
  year=1964,
  Volume=58,
  pages={63-112}
}

@Article{hill,
  author={R[] Hill},
  title={A self-consistent mechanics of composite materials},
  journal={{J}. {M}ech. {P}hys. {S}olids},
  year=1965,
  Volume=13,
  pages={213-222}
}

@Article{budiansky,
  author={B[] Budiansky},
  title={On the elastic moduli of some heterogeneous materials},
  journal={{J}. {M}ech. {P}hys. {S}olids},
  year=1965,
  Volume=13,
  pages={223-227}
}

@Article{wu,
  author={Tai Te Wu},
  title={The effect of inclusion shape on the elastic moduli of a two-phase material},
  journal={Int. {J}. {S}olids {S}tructures},
  year=1966,
  Volume=2,
  pages={1-8}
}

@Article{taner,
  author={M[] T[] Taner and F[] Koehler},
  title={Velocity spectra -- {D}igital computer derivation and applications of velocity functions},
  journal={Geophysics},
  year=1969,
  Volume=34,
  pages={859-881}
}

@Article{backusstiffness,
  author={George Backus},
  title={A geometrical picture of anisotropic elastic tensors},
  journal={Reviews of {G}eophysics and {S}pace {P}hysics},
  year=1970,
  Volume=8,
  issue=3,
  pages={633-671}
}

@Article{willis,
  author={J[] R[] Willis},
  title={Bounds and self-consistent estimates for the overall moduli of anisotropic composites},
  journal={{J}. {M}ech. {P}hys. {S}olids},
  year=1977,
  Volume=25,
  pages={185-202}
}

@Article{malovichko,
  author={A[] A[] Malovichko},
  title={A new representation of the traveltime curve of reflected waves in horizontally layered media},
  journal={Applied Geophysics},
  year=1978,
  Volume=91,
  pages={47-53},
  note={in Russian}
}

@Article{berryman,
  author={J[] G[] Berryman},
  title={Long-wave elastic anisotropy in trasversely isotropic media},
  journal={Geophysics},
  year=1979,
  Volume=44,
  pages={896-917}
}

  @Article{berrymansphere80,
  author={James G[] Berryman},
  title={Long-wavelength propagation in composite elastic media {I}. {S}pherical inclusions},
  journal={J. Acoust. Soc. Am.},
  year=1980,
  Volume=68,
  issue=6,
  pages={1809-1819}
  }

  @Article{berrymanellipse80,
  author={James G[] Berryman},
  title={Long-wavelength propagation in composite elastic media {II}. {E}llipsoidal inclusions},
  journal={J. Acoust. Soc. Am.},
  year=1980,
  Volume=68,
  issue=6,
  pages={1820-1831}
  }

  @Article{scho80,
  author={Michael Schoenberg},
  title={Elastic wave behavior across linear slip interfaces},
  journal={J. Acoust. Soc. Am.},
  year=1980,
  Volume=68,
  pages={1516-1521}
  }

  @Article{helbig81,
  author={Klaus Helbig},
  title={Systematic classification of layer-induced transverse isotropy },
  journal={Geophysical {P}rospecting},
  year=1981,
  Volume=29,
  pages={550-577}
  }

 @Article{crampyedlin,
  author={Stuart Crampin and M[] Yedlin},
  title={Shear-wave singularities of wave propagation in anisotropic media},
  journal={Journal of {G}eophysics},
  year=1981,
  Volume=49,
  pages={43-46}
  }
  

  @Article{hudson81,
  author={J[] A[] Hudson},
  title={Wave speeds and attenuation of elastic waves in material containing cracks},
  journal={Geophysical {J}ournal of the {R}oyal {A}stronomical {S}ociety},
  year=1981,
  Volume=64,
  pages={133-150}
  }

@Article{jw,
  author={L[] E[] A[] Jones and H[] F[] Wang},
  title={Ultrasonic velocities in Cretaceous shales from the Williston Basin},
  journal={Geophysics},
  year=1981,
  Volume=46,
  pages={288-297}
}

@Article{nishizawa,
  author={O[] Nishizawa},
  title={Seismic velocity anisotropy in a medium containing oriented cracks -- transversely isotropic case},
  journal={J. {P}hy. {E}arth},
  year=1982,
  Volume=30,
  pages={331-347}
}

@Article{helbigelliptical,
  author={K[] Helbig},
  title={Elliptical anisotropy --- {I}ts significance and meaning},
  journal={Geophysics},
  volume=48,
  issue=7,
  year=1983,
  pages={825-832}
}

@Article{hake,
  author={H[] Hake and K[] Helbig and C[] S[] Mesdag},
  title={Three-term {T}aylor series for $t^2$ -- $x^2$ curves over layered transversely isotropic ground},
  journal={Geophysical {P}rospecting},
  year=1984,
  Volume=32,
  pages={828-850}
}
  @Article{cramp1984,
  author={Stuart Crampin},
  title={An introduction to wave propagation in anisotropic media},
  journal={Geophysical {J}ournal of the {R}oyal {A}stronomical {S}ociety},
  year=1984,
  Volume=76,
  pages={17-28}
  

@Article{md,
  author={Francis Muir and Joe Dellinger},
  title={A practical anisotropic system},
  journal={SEP},
  year=1985,
  Volume=44,
  pages={55-58}
}


@Article{thomsen,
  author={Leon Thomsen},
  title={Weak elastic anisotropy},
  journal={Geophysics},
  year=1986,
  Volume=51,
  pages={1954-1966}
}

@Article{sword,
  author={C[] H[] Sword},
  title={A Soviet look at datum shift},
  journal={SEP},
  volume=51,
  year=1987,
  pages={313-316}
}


@Article{helbiganomalous,
  author={K[] Helbig and M[] Schoenberg},
  title={Anomalous polarization of elastic waves in transversely isotropic media},
  journal={Journal of {A}coustical {S}ociety of {A}merica},
  volume=81,
  issue=5,
  year=1987,
  pages={1235-1245}
}

@Article{debazel,
  author={E[] de Bazelaire},
  title={Normal moveout revisited-Inhomogeneous media and curved interfaces},
  journal={Geophysics},
  volume=53,
  year=1988,
  pages={143-157}
}


@Article{cowin1,
  author={Stephen C[] Cowin},
  title={Properties of the anisotropic elasticity tensor},
  journal={Quarterly Journal of Mechanics and Appllied Mathematics},
  volume=42,
  year=1989,
  pages={249-266}
}

@Article{cowin2,
  author={Morteza M[] Mehrabadi and Stephen C[] Cowin},
  title={Eigentensors of linear anisotropic elastic materials},
  journal={Quarterly Journal of Mechanics and Appllied Mathematics},
  volume=43,
  year=1990,
  pages={15-41}
}

@Article{muir90,
  author={Francis Muir},
  title={A modified anisotropic system},
  journal={SEP},
  year=1990,
  Volume=67,
  pages={41-42}
}

@Article{sena,
  author={A[] G[] Sena},
  title={Seismic traveltime equations for azimuthally anisotropic and isotropic media: {E}stimation of interval elastic properties},
  journal={Geophysics},
  volume=56,
  year=1991,
  pages={2090-2101}
}

@Article{cramp1991,
  author={Stuart Crampin},
  title={Effects of point singularities on shear-wave propagation in sedimentary basins},
  journal={Geophysical {J}ournal {I}nternational},
  year=1991,
  Volume=107,
  pages={531-543}
  }

@Article{hale,
  author={D[] Hale and N[] R[] Hill and J[] Stefani},
  title={Imaging salt with turning seismic waves},
  journal={Geophysics},
  volume=57,
  year=1992,
  pages={1453-1462}
}

@Article{carrion,
  author={Philip Carrion and Jesse Costa and Jose E[] Ferrer Pinheiro and Michael Schoenberg},
  title={Cross-borehole tomography in anisotropic media},
  journal={Geophysics},
  volume=57,
  issue=9,
  year=1992,
  pages={1194-1198}
}

@Article{chapmanpratt,
  author={Chris Chapman and R[] G[] Pratt},
  title={Traveltime tomography in anisotropic media --- {I}. {T}heory},
  journal={Geophysical {J}ournal {I}nternational},
  volume=109,
  issue=1,
  year=1992,
  pages={1-19}
}


@Article{verniknur,
  author={Lev Vernik and Amos Nur},
  title={Ultrasonic velocity and anisotropy of hydrocarbon source rocks},
  journal={Geophysics},
  volume=57,
  issue=5, 
  year=1992,
  pages={727-735}
}

@Article{mdk,
  author={Joe Dellinger and Francis Muir and M[] Karrenbach},
  title={Anelliptic approximations for {TI} media},
  journal={Journal of Seismic Exploration},
  year=1993,
  Volume=2,
  pages={23-40}
}

@Article{schotiso,
  author={Michael Schoenberg},
  title={Transversely isotropic media equivalent to thin isotropic layers},
  journal={Geophysical {P}rospecting},
  volume=42,
  year=1994,
  pages={885-915}
}


@Article{castle,
  author={Richard J[] Castle},
  title={A theory of normal moveout},
  journal={Geophysics},
  volume=59,
  issue=6,
  year=1994,
  pages={983-999}
}

@Article{hornby1994,
  author={Brian E[] Hornby and Larry M[] Schwartz and John A[] Hudson},
  title={Anisotropic effective-medium modeling of the elastic properties of shales},
  journal={Geophysics},
  volume=59,
  issue=10,
  year=1994,
  pages={1570-1583}
}

@Article{thomsen1994,
  author={Leon Thomsen},
  title={Elastic anisotropy due to aligned cracks in porous media},
  journal={Geophysical {P}rospecting},
  volume=43,
  year=1994,
  pages={805-829}
}

@Article{tsvankinthomsen1994,
  author={Ilya Tsvankin and Leon Thomsen},
  title={Non-hyperbolic reflection moveout in anisotropic media},
  journal={Geophysics},
  volume=59,
  year=1994,
  pages={1290-1304}
}


@Article{castle,
  author={R[] J[] Castle},
  title={Theory of normal moveout},
  journal={Geophysics},
  volume=59,
  year=1994,
  pages={983-999}
}

@Article{ponte,
  author={P[] {Ponte Casta\~{n}eda} and J[] R[] Willis},
  title={The effect of spatial distribution on the effective behavior of composite materials and cracked media},
  journal={{J}. {M}ech. {P}hys. {S}olids},
  year=1995,
  Volume=43,
  issue=12,
  pages={1919-1951}
}


@Article{jc,
  author={Joel E[] Johnston and Nikolas I[] Christensen},
  title={Seismic anisotropy of shales},
  journal={Journal of Geophysical Research},
  year=1995,
  Volume=100,
  issue=B4,
  pages={5991-6003}
}

@Article{alkatsvankin,
  author={Tariq Alkhalifah and Ilya Tsvankin},
  title={Velocity Analysis for transversely isotropic media},
  journal={Geophysics},
  year=1995,
  Volume=60,
  pages={1550-1566}
}

  @Article{schosayer,
  author={Michael Schoenberg and Colin M[] Sayers},
  title={Seismic anisotropy of fractured rock},
  journal={Geophysics},
  year=1995,
  Volume=60,
  pages={204-211}
  }

@Article{chapmiller,
  author={Chris Chapman and Doug Miller},
  title={Velocity sensitivity in transversely isotropic media},
  journal={Geophysical Prospecting},
  year=1996,
  Volume=44,
  issue=3,
  pages={525-549}
}

@Article{tsvankinvti,
  author={Ilya Tsvankin},
  title={P-wave signatures and notation for transversely isotropic media: {A}n overview},
  journal={Geophysics},
  year=1996,
  Volume=61,
  pages={467-483}
}

@Article{annie,
  author={Michael Schoenberg and Francis Muir and Colin Sayers},
  title={Introducing {ANNIE}: {A} simple three-parameter anisotropic velocity model for shales},
  journal={Journal of {S}eismic {E}xploration},
  year=1996,
  Volume=5,
  pages={35-49}
}

@Article{menschraso,
  author={Thomas Mensch and Patrick Rasolofosaon},
  title={Elastic wave velocities in anisotropic media of arbitrary anisotropy --
   {G}eneralization of {T}homsen's parameters $\epsilon$, $\delta$, and $\gamma$},
  journal={Geophysical Journal International},
  year=1997,
  Volume=128,
  pages={43-64}
}


@Article{helbig,
  author={Michael Schoenberg and Klaus Helbig},
  title={Orthorhombic media: Modeling elastic wave behavior in a vertically fractured earth},
  journal={Geophysics},
  year=1997,
  Volume=62,
  pages={1954-1974}
}

@Article{tsvankinortho,
  author={Ilya Tsvankin},
  title={Anisotropic parameters and {P}-wave velocity for orthorhombic media},
  journal={Geophysics},
  year=1997,
  Volume=62,
  pages={1292-1309}
}

@Article{vernikliu,
  author={Lev Vernik and Xingzhou Liu},
  title={Velocity anisotropy in shales: {A} petrophysical study},
  journal={Geophysics},
  volume=62,
  issue=2, 
  year=1997,
  pages={521-532}
}

@Article{psencikgajewski98,
  author={Ivan P\v{s}en\v{c}\'{i}k and Dirk Gajewski},
  title={Polarization, phase velocity, and {NMO} velocity of q{P}-waves in arbitrary weakly anisotropic media},
  journal={Geophysics},
  year=1998,
  Volume=63,
  issue=5,
  pages={1754-1766}
}

@Article{alhti,
  author={A[] Al--{D}ajani and Ilya Tsvankin},
  title={Non-hyperbolic reflection moveout for horizontal transverse isotropy},
  journal={Geophysics},
  year=1998,
  Volume=63,
  issue=5,
  pages={1738-1753}
}

@Article{nmoellipse,
  author={Vladimir Grechka and Ilya Tsvankin},
  title={3-{D} description of normal moveout in anisotropic inhomogeneous media},
  journal={Geophysics},
  year=1998,
  Volume=63,
  issue=3,
  pages={1079-1092}
}

@Article{hornby1998,
  author={Brian E[] Hornby},
  title={Experimental laboratory determination of the dynamic elastic properties of wet, drained shales},
  journal={Journal of Geophysical Research},
  year=1998,
  Volume=103,
  issue=B12,
  pages={29945-29964}
}

@Article{alkavti,
  author={Tariq Alkhalifah},
  title={Acoustic approximations for processing in transversely isotropic media},
  journal={Geophysics},
  year=1998,
  Volume=63,
  pages={623-631}
}

@Article{rasostress,
  author={Patrick Rasalofosaon},
  title={Stress-induced seismic anisotropy revisited},
  journal={Rev. {I}nst[] {F}ran\c{c}ais {P}\'{e}trole},
  year=1998,
  Volume=53,
  pages={679-692}
}

@Article{joekelvin,
  author={Joe Dellinger and Daniel J[] Vasicek and Carl Sondergeld},
  title={Kelvin notation for stabilizing elastic-constant inversion},
  journal={Oil and {G}as {S}cience and {T}echnology},
  year=1998,
  Volume=53,
  issue=5,
  pages={709-719}
}

@Article{grechkatsvankinortho,
  author={Vladimir Grechka and Ilya Tsvankin},
  title={3-{D} moveout velocity analysis and parameter estimation for orthorhombic media},
  journal={Geophysics},
  year=1999,
  Volume=64,
  pages={820-837}
}

@Article{bgb,
  author={James Berryman and Vladimir Grechka and Patricia Berge},
  title={Analysis of {T}homsen parameters for finely layered {VTI} media},
  journal={Geophysical {P}rospecting},
  year=1999,
  Volume=47,
  pages={959-978}
}

@Article{jakobsen2000,
  author={Morten Jakobsen and John A[] Hudson and Tim A[] Minshull and Satish C[] Singh},
  title={Elastic properties of hydrate-bearing sediments using effective medium theory},
  journal={Journal of {G}eophysical {R}esearch},
  year=2000,
  Volume=105,
  issue=B1,
  pages={561-577}
}

@Article{alkavti2,
  author={Tariq Alkhalifah},
  title={An acoustic wave equation for anisotropic media},
  journal={Geophysics},
  year=2000,
  Volume=65,
  pages={1239-1250}
}

@Article{alkavti3,
  author={Tariq Alkhalifah},
  title={The offset-midpoint traveltime pyramid in traversely isotropic media},
  journal={Geophysics},
  year=2000,
  Volume=65,
  pages={1316-1325}
}

  @Article{bakulin1,
  author={Andrey Bakulin and Vladimir Grechka and Ilya Tsvankin},
  title={Estimation of fracture parameters from reflection seismic data--{P}art {I}: {HTI} model due to a single fracture set},
  journal={Geophysics},
  year=2000,
  Volume=65,
  issue=6,
  pages={1788-1802}
  }
  
  @Article{bakulin2,
  author={Andrey Bakulin and Vladimir Grechka and Ilya Tsvankin},
  title={Estimation of fracture parameters from reflection seismic data--{P}art {II}: {F}ractured models with orthorhombic symmetry},
  journal={Geophysics},
  year=2000,
  Volume=65,
  issue=6,
  pages={1803-1817}
  }
   
  @Article{bakulin3,
  author={Andrey Bakulin and Vladimir Grechka and Ilya Tsvankin},
  title={Estimation of fracture parameters from reflection seismic data--{P}art {III}: {F}ractured models with monoclinic symmetry},
  journal={Geophysics},
  year=2000,
  Volume=65,
  issue=6,
  pages={1818-1830}
  }

@Article{schohoop,
  author={Michael Schoenberg and Maarten V[] de Hoop},
  title={Approximate disperion relations for q{P}-q{SV}-waves in transversely isotropic media},
  journal={Geophysics},
  year=2000,
  Volume=65,
  issue=3,
  pages={919-933}
}

@Article{jj,
  author={Morten Jakobsen and Tor Arne Johansen},
  title={Anisotropic approximations for mudrocks: {A} seismic laboratory study },
  journal={Geophysics},
  year=2000,
  Volume=65,
  issue=6,
  pages={1711-1725}
}

@Article{farrahighorder,
  author={V\'{e}ronique Farra},
  title={High-order perturbations of the phase velocity and polarization of q{P} and q{S} waves in anisotropic media},
  journal={Geophysical Journal International},
  year=2001,
  volume=147,
  pages={93-104}
}

@Article{fomelvail,
  author={Sergey Fomel and L[] Vaillant},
  title={Evaluating the Stolt-stretch parameter},
  journal={Journal of Seismic Exploration},
  year=2001,
  Volume=9,
  pages={319-335}
}

@@incollection{fomelnonhyper,
  author={Sergey Fomel and Vladimir Grechka},
  title={Nonhyperbolic reflection moveout of {P}-waves: {A}n overview and comparison of reasons},
  booktitle={CWP},
  institution={Colorado School of Mines},
  Volume=372,
  year=2001
}

@Article{fomelpwd,
  author={Sergey Fomel},
  title={Applications of plane-wave destruction filters},
  journal={Geophysics},
  volume=67, 
  year=2002,
  pages={1946-1960}
}

@Article{wang,
  author={Zhijing Wang},
  title={Seismic anisotropy in sedimentary rocks, {P}art 2: {L}aboratory data},
  journal={Geophysics},
  volume=67, 
  year=2002,
  issue=5,
  pages={1423-1440}
}

@Article{dom,
  author={Patricia Domnesteanu and Clive McCann and Jeremy Sothcott},
  title={Velocity anisotropy and attenuation of shale in under- and overpressured conditions},
  journal={Geophysical {P}rospecting},
  volume=50, 
  year=2002,
  pages={487-503}
}

@Article{alkaortho,
  author={Tariq Alkhalifah},
  title={An acoustic wave equation for orthorhombic anisotropy},
  journal={Geophysics},
  year=2003,
  Volume=68,
  pages={1169-1172}
}

@Article{mahschmitt,
  author={Marko Mah and Douglas R[] Schmitt},
  title={Determination of the complete elastic stiffnesses from ultrasonic phase velocity measurements},
  journal={Journal of Geophysical Research},
  year=2003,
  Volume=108,
  issue={B1},
  pages={2016-2027}
}

@Article{farrapsencikhighorder,
  author={V\'{e}ronique Farra and Ivan P\v{s}en\v{c}\'{i}k},
  title={Properties of the zeroth-, first-, higher-order approximations of attributes of elastic waves in weakly anisotropic media},
  journal={Journal of the Acoustical Society of America},
  year=2003,
  volume=114,
  issue=3,
  pages={1366-1378}
}

@Article{fowlervti,
  author={Paul J[] Fowler},
  title={Practical {VTI} approximations: {A} systematic anatomy},
  journal={Journal of Applied Geophysics},
  year=2003,
  pages={347-367}
}

@Article{pech2003,
  author={And\'{r}es Pech and Ilya Tsvankin},
  title={Quatic moveout coefficient: 3{D} description and application to tilted {TI} media},
  journal={Geophysics},
  year=2003,
  volume=68,
  issue=5,
  pages={1600-1610}
}

@Article{vavrytrip,
  author={V\'{a}clav Vavry\v{c}uk},
  title={Generation of triplications in transversely isotropic media},
  journal={Physics {R}eview {B}},
  year=2003,
  volume=68,
  issue=5,
  pages={054107-1-8}
}


@Article{tmatrix,
  author={Morten Jakobsen and John A[] Hudson and Tor Arne Johansen},
  title={T-matrix approach to shale acoustics},
  journal={Geophysical {J}ournal {I}nterntional},
  year=2003,
  volume=154,
  pages={533-558}
}

@Article{bakulinlayer1,
  author={Andrey Bakulin},
  title={Intrinsic and layer-induced vertical transverse isotropy},
  journal={Geophysics},
  year=2003,
  volume=68,
  issue=5,
  pages={1708-1713}
}

@Article{bakulinlayer2,
  author={Andrey Bakulin and Vladimir Grechka},
  title={Effective anisotropy of layered media},
  journal={Geophysics},
  year=2003,
  volume=68,
  issue=6,
  pages={1817-1821}
}

@Article{brendow,
  author={K Brendow},
  title={Global oil shale issues and perspectives},
  journal={Oil {S}hale},
  Volume=20,
  issue=1,
  pages={81-92},
  year=2003,
}

@Article{hepbasli,
  author={Arif Hepbasli},
  title={Oil shale as an alternative energy source},
  journal={Energy sources},
  Volume=26,
  issue=2,
  pages={107-118},
  year=2004,
}


@Article{johansen2004,
  author={Tor Arne Johansen and Bent Ole Ruud and Morten Jakobsen},
  title={Effect of grain scale alignment on seismic anisotropy and reflectivity of shales},
  journal={Geophysical {P}rospecting},
  year=2004,
  volume=52,
  pages={133-149}
}


@Article{pech2004,
  author={And\'{r}es Pech and Ilya Tsvankin},
  title={Quatic moveout coefficient for a dipping azimuthally anisotropic layer},
  journal={Geophysics},
  year=2004,
  volume=69,
  issue=3,
  pages={699-707}
}

@TechReport{daley,
  author={P[] F[] Daley and E[] S[] Krebes and L[] R[] Lines},
  title={Phase velocity approximations in a transversely isotropic medium},
  booktitle={CREWES Research Report},
  institution={University of Calgary},
  Volume=16,
  year=2004
}

@Article{fomel,
  author={Sergey Fomel},
  title={On anelliptic approximations for q{P} velocities in {VTI} media},
  journal={Geophysical {P}rospecting},
  year=2004,
  Volume=52,
  pages={247-259}
}

@Article{stovas2004,
  author={Alexey Stovas and Bj\orn Ursin},
  title={New travel-time approximations for a transversely isotropic medium},
  journal={Journal of Geophysics and Engineering},
  year=2004,
  volume=1,
  pages={128-133}
}

@Article{grechkaacous,
  author={Vlasdimir Grechka and Linbin Zhang and James W[] Rector},
  title={Shear waves in acoustic anisotropic media},
  journal={Geophysics},
  year=2004,
  volume=69,
  issue=2,
  pages={576-582}
}

@Article{helbig75,
  author={Klaus Helbig and Leon Thomsen},
  title={75-plus years of anisotropy in exploration and reservoir seismics: {A} historical review of concepts and methods},
  journal={Geophysics},
  volume=70, 
  year=2005,
  pages={9ND-23ND}
}

@Article{colinshale,
  author={Colin M[] Sayers},
  title={Seismic anisotropy of shales},
  journal={Geophysical {P}rospecting},
  volume=53, 
  year=2005,
  pages={667-676}
}


@Article{xu,
  author={Xiaoxia Xu and Ilya Tsvankin and And\'{r}es Pech},
  title={Geometrical spreading of {P}-waves in horizontally layered, azimuthally anisotropic media},
  journal={Geophysics},
  volume=70, 
  year=2005,
  pages={D43-D53}
}

@Article{ursin,
  author={Bj\orn Ursin and Alexey Stovas},
  title={Traveltime approximations for a layered transversely isotropic medium},
  journal={Geophysics},
  year=2006,
  volume=71,
  issue=2,
  pages={D23-D33}
}

@Article{vascon,
  author={Ivan Vasconcelos and Ilya Tsvankin},
  title={Non-hyperbolic moveout inversion of wide-azimuth {P}-wave data for orthorhombic media},
  journal={Geophysical {P}rospecting},
  volume=54, 
  year=2006,
  pages={535-552}
}

@Article{zhutsvankinti,
  author={Yaping Zhu and Ilya Tsvankin},
  title={Plane-wave propagation in attenuative transversely isotropic media},
  journal={Geophysics},
  volume=71, 
  year=2006,
  issue=2,
  pages={T17-T30}
}

@Article{pf2007,
  author={Ivan P\v{s}en\v{c}\'{i}k and V\'{e}ronique Farra},
  title={First-order {P}-wave ray synthetic seismograms in inhomogeneous, weakly anisotropic media},
  journal={Geophysical {J}ournal {I}nternational},
  year=2007,
  Volume=170,
  pages={1243-1252}
  }

@Article{zhutsvankinortho,
  author={Yaping Zhu and Ilya Tsvankin},
  title={Plane-wave attenuation anisotropy in orthorhombic media},
  journal={Geophysics},
  volume=72, 
  year=2007,
  issue=1,
  pages={D9-D19}
}

@Article{fletcher,
  author={Robin Fletcher and Xiang Du and Paul Fowler},
  title={Reverse time migration in tilted transversely isotropic ({TTI}) media},
  journal={Geophysics},
  year=2009,
  volume=74,
  issue=6,
  pages={{WCA}179-{WCA}187}
}

@Article{prasad,
  author={Manika Prasad and Arpita Pal--{B}athija and Merrick Johnston and Marisa Rydzy and Mike Batzle},
  title={Rock physics of the unconventional},
  journal={The {L}eading {E}dge},
  Volume=21,
  issue=1,
  pages={34-38},
  year=2009,
}

@Article{aleixo,
  author={Rafael Aleixo and J\"{o}rg Schleicher},
  title={Traveltime approximations for q-{P} waves in vertical transversely isotropy media},
  journal={Geophysical {P}rospecting},
  year=2010,
  volume=58,
  pages={191-201}
}

@Article{fomelpredict,
  author={Sergey Fomel},
  title={Predictive painting of 3-{D} seismic volumes},
  journal={Geophysics},
  volume=75, 
  year=2010,
  issue=4,
  pages={A25-A30}
}

@Article{fomelstovas,
  author={Sergey Fomel and Alexy Stovas},
  title={Generalized nonhyperbolic moveout approximation},
  journal={Geophysics},
  year=2010,
  Volume=75,
  issue=2,
  pages={U9-U18}
}

@Article{fowlercoupled,
  author={Paul Fowler and Xiang Du and Robin P[] Fletcher},
  title={Coupled equations for reverse time migration in transversely isotropic media},
  journal={Geophysics},
  year=2010,
  Volume=75,
  issue=1,
  pages={S11-S22}
}

@Article{stovas2010,
  author={Alexey Stovas},
  title={Generalized moveout approximation for q{P}-and q{SV}-waves in a homogeneous transversely isotropic medium},
  journal={Geophysics},
  year=2010,
  volume=75,
  issue=6,
  pages={D79-D84}
}

@Article{tsvankin75,
  author={Ilya Tsvankin and James Gaiser and Vladimir Grechka and Mirko van der Baan and Leon Thomsen},
  title={Seismic anisotropy in exploration and reservoir characterization: {A}n overview},
  journal={Geophysics},
  year=2010,
  volume=75,
  issue=5,
  pages={75A15-75A29}
}

@Article{lorenzovti,
  author={Lorenzo Casasanta and Sergey Fomel},
  title={Velocity-independent $\tau-p$ moveout in a horizontally-layered {VTI} medium},
  journal={Geophysics},
  year=2011,
  volume=76,
  issue=4,
  pages={U45-U57}
}

@Article{dewhurst,
  author={David N[] Dewhurst and Anthony F[] Siggins and Jo\"{e}l Sarout and Mark D[] Raven and Hege M[] Nordg{\aa}rd-Bol{\aa}s},
  title={Geomechanical and ultrasonic characterization of a {N}orwegian {S}ea shale},
  journal={Geophysics},
  year=2011,
  volume=76,
  issue=3,
  pages={WA101-WA111}
}

@Article{bakkerduveneck,
  author={Peter M[] Bakker and Eric Duveneck},
  title={Stability analysis for acoustic wave propagation in tilted {TI} media by finite differences},
  journal={Geophysical {J}ournal {I}nternational},
  year=2011,
  volume=185,
  pages={911-921}
}
@Article{zhangtti,
  author={Yu Zhang and Houzhu Zhang and Guanquan Zhang},
  title={A stable {TTI} reverse time migration and its implementation},
  journal={Geophysics},
  year=2011,
  volume=76,
  issue=3,
  pages={WA3-WA11}
}

@Article{stovasfomel,
  author={Alexey Stovas and Sergey Fomel},
  title={Generalized nonelliptic moveout approximation in $\tau-p$ domain},
  journal={Geophysics},
  year=2012,
  volume=77,
  issue=2,
  pages={U23-U30}
}

@Article{bube1,
  author={Kenneth P[] Bube and Tamas Nemeth and Joseph P[] Stefani and Wei Liu and Kurt T[] Nihei and Ray Ergas and Linbin Zhang},
  title={First-order systems for elastic and acoustic variable-tilt {TI} media},
  journal={Geophysics},
  year=2012,
  volume=77,
  issue=5,
  pages={T157-T170}
}

@Article{bube2,
  author={Kenneth P[] Bube and Tamas Nemeth and Joseph P[] Stefani and Wei Liu and Kurt T[] Nihei and Ray Ergas and Linbin Zhang},
  title={On the instability in second-oreder systems for acoustic {VTI} and {TTI} media},
  journal={Geophysics},
  year=2012,
  volume=77,
  issue=5,
  pages={T171-186}
}

@Article{golikov,
  author={Pavel Golikov and Alexey Stovas},
  title={Accuracy comparison of nonhyperbolic moveout approximations for q{P}-waves in {VTI} media},
  journal={Journal of Geophysics and Engineering},
  year=2012,
  volume=9,
  pages={428-432}
}

@Article{blias2013,
  author={Emil Blias},
  title={High-accuracy two-interval approximation for normal-moveout function in a multi-layered anisotropic model},
  journal={Geophysical {P}rospecting},
  volume=61,
  issue=6, 
  year=2013,
  pages={1229-1237}
}

@Article{vasin,
  author={Roman N[] Vasin and Hans-Rudolf Wenk and Waruntorn Kanitpanyacharoen and Siegfried Matthies and Richard Wirth},
  title={Elastic anisotropy of Kimmeridge shale},
  journal={Journal of {G}eophysical {R}esearch},
  volume=118, 
  year=2013,
  pages={1-26}
}


@Article{fomellr,
  author={Sergey Fomel and Lexing Ying and Xiaolei Song},
  title={Seismic wave extrapolation using lowrank symbol approximation},
  journal={Geophysical {P}rospecting},
  volume=61, 
  year=2013,
  pages={526-536}
}

@Article{fp2013,
  author={V\'{e}ronique Farra and Ivan P\v{s}en\v{c}\'{i}k},
  title={Moveout approximations for {P}- and {SV}-waves in {VTI} media},
  journal={Geophysics},
  year=2013,
  volume=78,
  issue=5,
  pages={WC81-WC92}
}


@Article{song,
  author={Xiaolei Song and Tariq Alkhalifah},
  title={Modeling of pseudoacoustic {P}-waves in orthorhombic media with a low-rank approximation},
  journal={Geophysics},
  Volume=78,
  issue=4,
  pages={C33-C40},
  year=2013,
}

@Article{mamou,
  author={Faranak Mahmoudian and G[] F[] Margrave and P[] F[] Daley and J[] Wong and D[] C[] Henley},
  title={Estimation of elastic stiffness coefficients of an orthorhombic physical model using group velocity analysis on transmission data},
  journal={Geophysics},
  Volume=79,
  issue=1,
  pages={R27-R39},
  year=2014,
}

@Article{fowlercompare,
  author={Xiang Du and Paul Fowler and Robin Fletcher},
  title={Recursive integral time-extrapolation methods for waves: {A} comparative review},
  journal={Geophysics},
  year=2014,
  Volume=79,
  issue=1,
  pages={T9-T26},
  year=2014
}

@Article{chengpseudop,
  author={Jiubing Cheng and Wei Kang},
  title={Simulating propagation of separated wave modes in general anisotropic media, {P}art {I}: q{P}-wave propagators},
  journal={Geophysics},
  volume=79, 
  year=2014,
  issue=1,
  pages={C1-C18}
}

@Article{fowlerortho,
  author={Paul J[] Fowler and C[] Chu and Cintia Lapilli and P[] Anno and B[] Macy},
  title={Recursive integral time extrapolation of {P}-waves in orthorhombic media},
  journal={Geophysics},
  year=2014,
  note={To be submitted}
}

@Article{zoneortho,
  author={Yanadet Sripanich and Sergey Fomel},
  title={On anelliptic approximations for q{P} velocities in transversely isotropic and orthorhombic media},
  journal={Geophysics},
  Volume=80,
  issue=5,
  pages={C89-C105},
  year=2015,
}

@Article{yanhan,
  author={Fuyong Yan and De-Hua Han and Qiuliang Yao},
  title={Physical constraints on $c_{13}$ and $\delta$ for transversely isotropic hydrocarbon source rocks},
  journal={Geophysical {P}rospecting},
  year=2015,
  note={in press}
}

@Article{backusgeneral,
author={Len Bos and David R[] Dalton and Michael A[] Slawinski and Theodore Stanoev},
title={On Backus average for generally anisotropic layers},
journal="Journal of Elasticity",
year="2016",
pages="1-18"
}

@Article{junzhe,
  author={Junzhe Sun and Sergey Fomel},
  title={Lowrank one-step wave extrapolation for reverse time migration},
  journal={Geophysics},
  year=2015,
  volume=81, 
  issue=1,
  pages={S39-S54}
}


@Article{fpj2016,
  author={V\'{e}ronique Farra and Ivan P\v{s}en\v{c}\'{i}k and Petr J\'{i}lek},
  title={Weak-anisotropy moveout approximations for {P}-waves in hormogeneous layers of monoclinic or higher anisotropy symmetries},
  journal={Geophysics},
  year=2016,
  volume=81, 
  issue=2,
  pages={C17-C37}
}


@Article{stovasort,
  author={Alexey Stovas},
  title={Azimuthally dependent kinematic properties of orthorhombic media},
  journal={Geophysics},
  year=2015,
  volume=80, 
  issue=6,
  pages={C107-C122}
}

@Article{stovasortho,
  author={Alexey Stovas},
  title={Kinematic parameters of pure- and converted-mode waves in elastic orthorhombic media},
  journal={Geophysical {P}rospecting},
  year=2017,
  volume=65, 
  pages={426-452}
}

@Article{yuriy,
  author={Yuriy Ivanov and Alexey Stovas},
  title={Normal moveout velocity ellipse in tilted orthorhombic media},
  journal={Geophysics},
  year=2016,
  volume=81, 
  issue=6,
  pages={C319-C336}
}

@Article{zoneadv,
  author={Yanadet Sripanich and Sergey Fomel and Paul Fowler and Alexey Stovas and Kyle Spikes},
  title={Anisotropic parameterizations in transversely isotropic and orthorhombic media: {A} comparative review and new findings},
  journal={Advances in {G}eophysics},
  year=2017,
  note={submitted}
}

@Article{zonesensitivity,
  author={Yanadet Sripanich and Sergey Fomel and Paul Fowler},
  title={A comparison of anisotropic parameterizations for q{P}-wave kinematics in {TI} and orthorhombic media},
  journal={Geophysical {J}ournal {I}nternational},
  year=2016,
  note={submitted}
}

@Article{zoneinterval,
  author={Yanadet Sripanich and Sergey Fomel},
  title={Theory of interval traveltime parameter estimation in layered anisotropic media},
  journal={Geophysics},
  year=2016,
  volume=81, 
  issue=5,
  pages={C253-C263}
}


@Article{zonegma,
  author={Yanadet Sripanich and Sergey Fomel and Alexey Stovas and Qi Hao},
  title={3{D} generalized nonhyperboloidal moveout approximation},
  journal={Geophysics},
  year=2017,
  volume=82, 
  issue=2,
  pages={C49-C59}
}




BOOK ##############################################################################################################
@preamble{"\newcommand{\SortNoop}[1]{}"}

@book{musgrave,
  author={M[] J[] P[] Musgrave},
  title={Crystal {A}coustics: {I}ntroduction to the {S}tudy of {E}lastic {W}aves and {V}ibrations in {C}rystals},
  year={1970},
  publisher={Holden-{D}ay}
}

@book{auld,
  author={B[] A[] Auld},
  title={Acoustic {F}ields and {W}aves in {S}olids},
  year={1973},
  publisher={Robert {E}. {K}rieger {P}ublishing {C}ompany}
}

@book{fedorov,
  author={Fedor I[] Fedorov},
  title={Theory of {E}lastic {W}aves in {C}rystals},
  year={1968},
  publisher={Springer}
}

@book{iei,
  author = {Jon Claerbout},
  title = {Imaging the {E}arth's {I}nterior},
  publisher = {Blackwell Scientific Publications},
  year = 1985
}


@book{anderson,
  author = {Don L[] Anderson},
  title = {Theory of the {E}arth},
  publisher = {Blackwell Scientific Publications},
  year = 1989
}

@book{akirichards,
  author={Keiiti Aki and Paul G[] Richards},
  title={Quantitative {S}eismology},
  year={2002},
  edition=2,
  publisher={University {S}cience {B}ooks}
}

@book{mura,
  author={Toshio Mura},
  title={Micromechanics of {D}efects in {S}olids},
  year={1987},
  edition=2,
  publisher={Martinus Nijhoff Publishers},
  address={P.O. Box 163 3300 AD Dordrecht, The Netherlands}
}

@book{chapmanbook,
  author={Chris Chapman},
  title={Fundamentals of {S}eismic {W}ave {P}ropagation},
  year={2004},
  publisher={Cambridge University Press}
}

@book{helbigbook,
  author = {Klaus Helbig},
  title = {Foundations of {A}nisotropy for {E}xploration {S}eismics},
  publisher = {Pergamon},
  year = 1994
}


@book{slawinskibook,
  author = {M[] Slawinski},
  title = {Waves and {R}ays in {E}lastic {C}ontinua},
  publisher = {World Scientific},
  year = 2010
}


@book{carcionebook,
  author = {J[] M[] Carcione},
  title = {Wave {F}ields in {R}eal {M}edia: {W}ave {P}ropagation in {A}nisotropic, {A}nelastic and {P}orous {M}edia},
  publisher = {Pergamon},
  year = 2001
}

@book{cerveny,
  author = {V[] {\SortNoop{Cerveny}}\v{C}erven\'{y}},
  title = {Seismic {R}ay {T}heory},
  publisher = {Cambridge University Press},
  year = 2001
}


@book{rockhandbook,
  author={Gary Mavko and Tapan Mukerji and Jack Dvorkin},
  title={The {R}ock {P}hysics {H}andbook},
  year={2009},
  edition=2,
  publisher={Cambridge {U}niversiy {P}ress}
}

@book{yilmaz,
  author={O[] {\SortNoop{Yilmaz}}Yilmaz},
  title={Seismic data analysis},
  year={2001},
  edition=2,
  publisher={Society of Exploration Geophysicists},
  address={P.O. Box 702740 Tulsa, OK 74170-2740}
}

@book{rugerbook,
  author = {Andreas R\"{u}ger},
  title = {Reflection {C}oefficients and {A}zimuthal {AVO} {A}nalysis in {A}nisotropic {M}edia},
  year={2002},
  publisher={Society of Exploration Geophysicists},
  address={P.O. Box 702740 Tulsa, OK 74170-2740}
}

@book{grechkabook,
  author={Vladimir Grechka},
  title={Applications of {S}eismic {A}nisotropy in the {O}il and {G}as {I}ndustry},
  year={2009},
  publisher={European Association of Geoscientists and Engineers},
  address={P.O. Box 59 3990 DB Houten The Netherlands}
}

@book{tsvankin2011book,
  author={Ilya Tsvankin and Vladimir Grechka},
  title={Seismology of {A}zimuthally {A}nisotropic {M}edia and {S}eismic {F}racture {C}haracterization},
  year={2011},
  publisher={Society of Exploration Geophysicists},
  address={P.O. Box 702740 Tulsa, OK 74170-2740}
}

@book{tsvankinbook,
  author={Ilya Tsvankin},
  title={Seismic {S}ignatures and {A}nalysis of {R}eflection {D}ata in {A}nisotropic {M}edia},
  year={2012},
  publisher={Society of Exploration Geophysicists},
  address={P.O. Box 702740 Tulsa, OK 74170-2740}
}

@book{thomsenbook,
  author={Leon Thomsen},
  title={Understanding {S}eismic {A}nisotropy in {E}xploration and {E}xploitation},
  year={2014},
  edition=2,
  publisher={Society of Exploration Geophysicists and European Association of Geoscientists and Engineers},
}

PROCEEDINGS ##############################################################################################################

@inproceedings{alortho,
  author={A[] Al--{D}ajani and Ilya Tsvankin and M[] Nafi Toks\"{o}z},
  title={Non-hyperbolic reflection moveout for azimuthally anisotropic media},
  journal={Geophysics},
  booktitle={68th Annual International Meeting Expanded Abstracts},
  publisher={Society of Exploration Geophysicists},
  year=1998,
  pages={1479-1482}
}


@inproceedings{stopin,
  author={Alexandre Stopin},
  title={Comparison of $v(\theta)$ equations in {TI} medium},
  booktitle={9th International Workshop on Seismic Anisotropy},
  year=2001
}

@inproceedings{zhang,
  author={F[] Zhang and N[] Uren},
  title={Approximate explicit ray velocity functions and travel times for {P}-waves in {TI} media},
  booktitle={71st Annual International Meeting Expanded Abstracts},
  publisher={Society of Exploration Geophysicists},
  year=2001,
  pages={106-109}
}

@inproceedings{taner2005,
  author={M[] T[] Taner and Sven Treitel and M[] Al-Chalabi},
  title={A new traveltime estimation method for horizontal strata},
  booktitle={75th Annual International Meeting Expanded Abstracts},
  publisher={Society of Exploration Geophysicists},
  year=2005,
  pages={2273-2276}
}

@inproceedings{will,
  author={William Burnett and Sergey Fomel},
  title={Moveout analysis by time-warping},
  booktitle={79th Annual International Meeting Expanded Abstracts},
  publisher={Society of Exploration Geophysicists},
  year=2009,
  pages={3710-3714}
}

@inproceedings{blias2009,
  author={Emil Blias},
  title={Long-offset {NMO} approximatiosn for a layered {VTI} model: {M}odel study},
  booktitle={79th Annual International Meeting Expanded Abstracts},
  publisher={Society of Exploration Geophysicists},
  year=2009,
  pages={3745-3748}
}

@inproceedings{fowlerking,
  author={Paul J[] Fowler and Ryan King},
  title={Modeling and reverse time migration of orthorhombic pseudo-acoustic {P}-waves},
  booktitle={81st Annual International Meeting Expanded Abstracts},
  publisher={Society of Exploration Geophysicists},
  year=2011,
  pages={190-195}
}

@inproceedings{lorenzo3d,
  author={Lorenzo Casasanta},
  title={{NMO}-ellipse independent 3{D} moveout analysis in $\tau-p$ domain},
  booktitle={81tst Annual International Meeting Expanded Abstracts},
  publisher={Society of Exploration Geophysicists},
  year=2011,
  pages={289-294}
}


@inproceedings{fowlerlapilli,
  author={Paul J[] Fowler and Cintia Lapilli},
  title={Generalized pseudospectral methods for orthorhombic modeling and reverse-time migration},
  booktitle={74th Annual EAGE Meeting Expanded Abstracts},
  publisher={EAGE},
  year=2012
}

@inproceedings{pervuk,
  author={M[] Pervukhina and P[] Golodoniuc and D[] N[] Dewhurst},
  title={Phenomenological {S}tudy of {S}eismic {A}nisotropy in {S}hales},
  booktitle={75th Annual EAGE Meeting Expanded Abstracts},
  publisher={EAGE},
  year=2013
}

@inproceedings{haven,
  author={Jesse Haven and Michael Batzle},
  title={Thomsen parameter relationships and estimation from laboratory ultrasonic data},
  booktitle={84th Annual International Meeting Expanded Abstracts},
  publisher={Society of Exploration Geophysicists},
  year=2014,
  pages={2772-2777}
}

@inproceedings{zonetwopoint,
  author={Yanadet Sripanich and Sergey Fomel},
  title={Two-point seismic ray tracing in layered media useing bending},
  booktitle={84th Annual International Meeting Expanded Abstracts},
  publisher={Society of Exploration Geophysicists},
  year=2014,
  pages={3371-3376}
}

@inproceedings{zone2,
  author={Yanadet Sripanich and Sergey Fomel},
  title={Anelliptic approximations for q{P} velocities in orthorhombic media},
  booktitle={84th Annual International Meeting Expanded Abstracts},
  publisher={Society of Exploration Geophysicists},
  year=2014,
  pages={453-457}
}

@inproceedings{zone,
  author={Yanadet Sripanich and Sergey Fomel},
  title={Modified anelliptic approximations for q{P} velocities in tranversely isotropic media},
  booktitle={84th Annual International Meeting Expanded Abstracts},
  publisher={Society of Exploration Geophysicists},
  year=2014,
  pages={409-414}
}

@inproceedings{qihaynesville,
  author={Qi Ren and Kyle Spikes},
  title={Anisotropic rock-physics modeling for the {H}aynesville shale},
  booktitle={84th Annual International Meeting Expanded Abstracts},
  publisher={Society of Exploration Geophysicists},
  year=2014,
  pages={2947-2951}
}

@inproceedings{hao,
  author={Qi Hao and Alexey Stovas},
  title={Anelliptic approximation of P-wave phase velocity in orthorhombic media},
  booktitle={16th International Workshop on Seismic Anisotropy},
  year=2014,
}

@inproceedings{haogma,
  author={Qi Hao and Alexey Stovas},
  title={Three dimensional generalized nonhyperbolic moveout approximation -- {A}pplication on a 3{D} {HTI} model},
  booktitle={76th Annual EAGE Meeting Expanded Abstracts},
  publisher={EAGE},
  year=2014,
}

@inproceedings{quirein,
  author={John Quirein and M[] Eid and A[] Cheng},
  title={Predicting the stiffness tensor of a transversely isotropic medium when the vertical {P}oisson's ratio is less than the horizontal {P}oisson's ratio},
  booktitle={55th Annual {SPWLA} Logging Symposium},
  publisher={SPWLA},
  year=2014,
}

@inproceedings{zonegmaseg,
  author={Yanadet Sripanich and Sergey Fomel},
  title={3{D} generalized nonhyperboloidal moveout approximation},
  booktitle={85th Annual International Meeting Expanded Abstracts},
  publisher={Society of Exploration Geophysicists},
  year=2015,
  pages={5147-5152}
}

@inproceedings{qieagleford,
  author={Qi Ren and Kyle Spikes},
  title={Modeling the anisotropic elastic property of the {E}agle {F}ord shale with complex micro-scale fabric},
  booktitle={85th Annual International Meeting Expanded Abstracts},
  publisher={Society of Exploration Geophysicists},
  year=2015,
  pages={3042-3047}
}

@inproceedings{fowlerpitfall,
  author={Paul Fowler},
  title={Some pitfalls in orthorhombic parameter estimation},
  booktitle={85th Annual International Meeting Expanded Abstracts},
  publisher={Society of Exploration Geophysicists},
  year=2015,
  pages={493-497}
}

@inproceedings{murphy,
  author={Eric Murphy and Saul Rivera Barraza and Ming Gu and Deepak Gokaraju and Mehdi E[] Far and John Quirein and Liwei Ou},
  title={New {M}odels for {A}coustic {A}nisotropic {I}nterpretation in {S}hale},
  booktitle={56th Annual {SPWLA} Logging Symposium},
  publisher={SPWLA},
  year=2015,
}

@inproceedings{zonesensitivityseg,
  author={Yanadet Sripanich and Sergey Fomel and Paul Fowler},
  title={A comparison of anisotropic parameterizations for {TI} and orthorhombic media and their sensitivity with respect to q{P} velocities},
  booktitle={86th Annual International Meeting Expanded Abstracts},
  publisher={Society of Exploration Geophysicists},
  year=2016,
  pages={479-484}
}

@inproceedings{riteelastic,
  author={Junzhe Sun and Sergey Fomel and Yanadet Sripanich and Paul Fowler},
  title={Recursive integral time extrapolation of elastic waves using lowrank approximation},
  booktitle={86th Annual International Meeting Expanded Abstracts},
  publisher={Society of Exploration Geophysicists},
  year=2016,
  pages={4145-4151}
}


PHD ##############################################################################################################

@phdthesis{joethesis,
  author={Joe A. Dellinger},
  title={Anisotropic {S}eismic {W}ave {P}ropagation},
  school={Stanford {U}niversity},
  year=1991
}

@phdthesis{kaushikthesis,
  author={Kaushik Bandyopadhyay},
  title={Seismic {A}nisotropy: {G}eological causes and its implications to {R}eservoir {G}eophysics},
  school={Stanford {U}niversity},
  year=2009
}

@phdthesis{sonethesis,
  author={Hiroki Sone},
  title={Mechanical properties of shale gas reservoir rocks and its relation to in-situ stress variation observed in shale gas reservoirs},
  school={Stanford {U}niversity},
  year=2012
}

