@Article{attr,
  author = 	 {S[] Fomel},
  title = 	 {Local seismic attributes},
  journal = 	 {Geophysics},
  year = 	 2007,
  volume =	 72,
  pages =	 {A29-A33}
}

@inproceedings{fomel2003,
   author = {Sergey Fomel and Milo M. Backus},
   booktitle = {73rd Annual International Meeting},
   pages = {701-784},
   publisher = {Soc. of Expl. Geophys.},
   title = {Multicomponent seismic data registration by least squares},
   year = {2003}}

@inproceedings{herrera2012,
  doi = {10.1190/segam2012-0712.1},
  url = {https://doi.org/10.1190%2Fsegam2012-0712.1},
  booktitle = {82nd Annual International Meeting},
  year  = {2012},
  publisher = {Society of Exploration Geophysicists},
  author = {Roberto Henry Herrera and Mirko van der Baan},
  pages = {1-5},
  title = {Guided seismic-to-well tying based on dynamic time warping},
}

@article{herrera,
  doi = {10.1190/int-2013-0130.1},
  url = {https://doi.org/10.1190%2Fint-2013-0130.1},
  year  = {2014},
  month = {may},
  publisher = {Society of Exploration Geophysicists},
  volume = {2},
  number = {2},
  pages = {SD9--SD17},
  author = {Roberto H. Herrera and Sergey Fomel and Mirko van der Baan},
  title = {Automatic approaches for seismic to well tying},
  journal = {Interpretation}
}

@inproceedings{warp,
   author = {S[] Fomel and M[] Backus and K[] Fouad and B[] Hardage and G[] Winters},
   booktitle = {75th Ann. Internat. Mtg},
   pages = {1018-1021},
   publisher = {Soc. of Expl. Geophys.},
   title = {A
multistep approach to multicomponent seismic image registration with
application to a {West} {Texas} carbonate reservoir study},
   year = 2005}

@Article{timelapse,
  author = 	 {S[] Fomel and L[] Jin},
  title = 	 {Time-lapse image registration using the local similarity attribute},
  journal = 	 {Geophysics},
  year = 	 2009,
  volume = 	 74,
  pages = 	 {A7-A11}}

@Article{tip,
  author = 	 {T[imothy] A[] Meckel and F[rancis] J[] Mulcahy},
  title = 	 {Use of novel high-resolution {3D} marine seismic technology to evaluate {Quaternary} fluvial valley development and geologic controls on shallow gas distribution, inner shelf, {Gulf} of {Mexico}},
  journal = 	 {Interpretation},
  year = 	 2016,
  volume = 	 4,
  number = 	 1,
  pages = 	 {SC35-SC49}}

@article{white,
  doi = {10.1190/1.1436827},
  url = {https://doi.org/10.1190%2F1.1436827},
  year  = {1991},
  month = {jul},
  publisher = {Society of Exploration Geophysicists},
  volume = {10},
  number = {7},
  pages = {26--32},
  author = {Roy E. White},
  title = {Properties of instantaneous seismic attributes},
  journal = {The Leading Edge}
}

@article{ltft,
  doi = {10.1111/j.1365-2478.2012.01062.x},
  url = {https://doi.org/10.1111%2Fj.1365-2478.2012.01062.x},
  year  = {2012},
  month = {mar},
  publisher = {Wiley-Blackwell},
  volume = {61},
  number = {3},
  pages = {516--525},
  author = {Yang Liu and Sergey Fomel},
  title = {Seismic data analysis using local time-frequency decomposition},
  journal = {Geophysical Prospecting}
}

@inproceedings{merge,
  title = {Matching and merging high resolution and legacy seismic images},
  year  = {2017},
  author = {Sarah Greer and Sergey Fomel},

  booktitle = {87th Annual International Meeting},
  publisher = {Society of Exploration Geophysicists},
  note = {Submitted}
}

@inproceedings{lumley,
   doi = {10.1190/1.1817550},
   url = {https://doi.org/10.1190%2F1.1817550},
   year  = {2003},
   publisher = {Society of Exploration Geophysicists},

   booktitle = {73rd Annual International Meeting},
   author = {David Lumley and Donald C. Adams and Mark Meadows and Steve Cole and Rich Wright},
   title = {{4D} seismic data processing issues and examples},
   pages = {1394-1397},
}
@article{ps,
   doi = {10.1190/tle32010064.1},
   url = {https://doi.org/10.1190%2Ftle32010064.1},
   year  = {2013},
   month = {jan},
   publisher = {Society of Exploration Geophysicists},
   volume = {32},
   number = {1},
   pages = {64--71},
   author = {Chuck Ursenbach and Peter Cary and Mike Perz},
   title = {Limits on resolution enhancement for {PS} data mapped to {PP} time},
   journal = {The Leading Edge}
}

@article{hale2013,
  doi = {10.1190/geo2012-0327.1},
  url = {https://doi.org/10.1190%2Fgeo2012-0327.1},
  year  = {2013},
  month = {mar},
  publisher = {Society of Exploration Geophysicists},
  volume = {78},
  number = {2},
  pages = {S105--S115},
  author = {Dave Hale},
  title = {Dynamic warping of seismic images},
  journal = {{GEOPHYSICS}}
}

@Book{hardage,
  author = 	 {B[] A[] Hardage and M[] V[] DeAngelo and P[] E[] Murray and D[] Sava},
  title = 	 {Multicomponent seismic technology},
  publisher = 	 {Society of Exploration Geophysicists},
  year = 	 2011}


@inproceedings{warp,
   author = {S[] Fomel and M[] Backus and K[] Fouad and B[] Hardage and G[] Winters},
   booktitle = {75th Ann. Internat. Mtg},
   pages = {1018-1021},
   publisher = {Soc. of Expl. Geophys.},
   title = {A
multistep approach to multicomponent seismic image registration with
application to a {West} {Texas} carbonate reservoir study},
   year = {2005}}

@Article{attr,
  author = 	 {S[] Fomel},
  title = 	 {Local seismic attributes},
  journal = 	 {Geophysics},
  year = 	 2007,
  volume =	 72,
  pages =	 {A29-A33}
}

@Article{timelapse,
  author = 	 {S[] Fomel and L[] Jin},
  title = 	 {Time-lapse image registration using the local similarity attribute},
  journal = 	 {Geophysics},
  year = 	 2009,
  volume = 	 74,
  pages = 	 {A7-A11}}

@Article{tip,
  author = 	 {T[imothy] A[] Meckel and F[rancis] J[] Mulcahy},
  title = 	 {Use of novel high-resolution {3D} marine seismic technology to evaluate {Quaternary} fluvial valley development and geologic controls on shallow gas distribution, inner shelf, {Gulf} of {Mexico}},
  journal = 	 {Interpretation},
  year = 	 2016,
  volume = 	 4,
  number = 	 1,
  pages = 	 {SC35-SC49}}

@Article{pcable,
  author = 	 {C[] J[] Petersen and S[] Buenz and S[] Hustoft and J[] Mienert and D. Klaeschen},
  title = 	 {High-resolution {P-Cable} {3D} seismic imaging of gas chimney structures in gas hydrated sediments of an {Arctic} sediment drift},
  journal = 	 {Marine and Petroleum Geology},
  year = 	 2010,
  volume = 	 27,
  pages = 	 {1981â€“1994}}

@book{pvi,
   author = {J[on] F[] Claerbout},
   publisher = {Blackwell Scientific Publications},
   title = {{Earth Soundings Analysis: Processing Versus Inversion}},
   year = {1992}
}

@inproceedings{locfreq,
  author = {S[] Greer and S[] Fomel},
  booktitle = {87th Ann. Internat. Mtg},
  publisher = {Soc. of Expl. Geophys.},
  title = {Balancing local frequency content using non-stationary smoothing},
  year  = {2017},
  note = {Submitted},
}


